<?xml version="1.0" encoding="UTF-8"?><record xmlns="http://www.loc.gov/MARC21/slim" xmlns:cinclude="http://apache.org/cocoon/include/1.0" xmlns:zs="http://www.loc.gov/zing/srw/">
  <leader>00420nz  a2200133n  4500</leader>
  <controlfield tag="001">n  90711080 </controlfield>
  <controlfield tag="003">DLC</controlfield>
  <controlfield tag="005">19901102094226.9</controlfield>
  <controlfield tag="008">901102n| acannaab|          |n anc |||  </controlfield>
  <datafield tag="010" ind1=" " ind2=" ">
    <subfield code="a">n  90711080 </subfield>
  </datafield>
  <datafield tag="040" ind1=" " ind2=" ">
    <subfield code="a">DLC</subfield>
    <subfield code="c">DLC</subfield>
  </datafield>
  <datafield tag="110" ind1="2" ind2="0">
    <subfield code="a">IEA Consulting Group</subfield>
  </datafield>
  <datafield tag="667" ind1=" " ind2=" ">
    <subfield code="a">NLC not consulted.</subfield>
  </datafield>
  <datafield tag="670" ind1=" " ind2=" ">
    <subfield code="a">nuc90-66445: Nat. study of the viability ... 1984</subfield>
    <subfield code="b">(hdg. on CaOTU rept.: IEA Consulting Group; usage: IEA Consulting Group Ltd.)</subfield>
  </datafield>
</record>